@article{Strahl2000,
author = {Strahl, Brian D. and Allis, C. David},
doi = {10.1038/47412},
issn = {0028-0836},
journal = {Nature},
month = {jan},
number = {6765},
pages = {41--45},
title = {{The language of covalent histone modifications}},
url = {http://www.nature.com/articles/47412},
volume = {403},
year = {2000}
}
@article{Venkatesh2015,
author = {Venkatesh, Swaminathan and Workman, Jerry L.},
doi = {10.1038/nrm3941},
issn = {1471-0072},
journal = {Nature Reviews Molecular Cell Biology},
month = {mar},
number = {3},
pages = {178--189},
title = {{Histone exchange, chromatin structure and the regulation of transcription}},
url = {http://www.nature.com/articles/nrm3941},
volume = {16},
year = {2015}
}
@article{Kouzarides2007,
author = {Kouzarides, Tony},
doi = {10.1016/j.cell.2007.02.005},
issn = {00928674},
journal = {Cell},
month = {feb},
number = {4},
pages = {693--705},
title = {{Chromatin Modifications and Their Function}},
url = {https://linkinghub.elsevier.com/retrieve/pii/S0092867407001845},
volume = {128},
year = {2007}
}
@article{Greer2012,
author = {Greer, Eric L. and Shi, Yang},
doi = {10.1038/nrg3173},
issn = {1471-0056},
journal = {Nature Reviews Genetics},
month = {may},
number = {5},
pages = {343--357},
title = {{Histone methylation: a dynamic mark in health, disease and inheritance}},
url = {http://www.nature.com/articles/nrg3173},
volume = {13},
year = {2012}
}
@article{Klose2007,
author = {Klose, Robert J. and Zhang, Yi},
doi = {10.1038/nrm2143},
issn = {1471-0072},
journal = {Nature Reviews Molecular Cell Biology},
month = {apr},
number = {4},
pages = {307--318},
title = {{Regulation of histone methylation by demethylimination and demethylation}},
url = {http://www.nature.com/articles/nrm2143},
volume = {8},
year = {2007}
}
@article{Wagner2012,
author = {Wagner, Eric J. and Carpenter, Phillip B.},
doi = {10.1038/nrm3274},
issn = {1471-0072},
journal = {Nature Reviews Molecular Cell Biology},
month = {feb},
number = {2},
pages = {115--126},
title = {{Understanding the language of Lys36 methylation at histone H3}},
url = {http://www.nature.com/articles/nrm3274},
volume = {13},
year = {2012}
}
@article{McDaniel2017,
author = {McDaniel, Stephen L. and Strahl, Brian D.},
doi = {10.1007/s00018-017-2517-x},
issn = {1420-682X},
journal = {Cellular and Molecular Life Sciences},
month = {sep},
number = {18},
pages = {3317--3334},
title = {{Shaping the cellular landscape with Set2/SETD2 methylation}},
url = {http://link.springer.com/10.1007/s00018-017-2517-x},
volume = {74},
year = {2017}
}
@article{Strahl2002,
author = {Strahl, B. D. and Grant, P. A. and Briggs, S. D. and Sun, Z.-W. and Bone, J. R. and Caldwell, J. A. and Mollah, S. and Cook, R. G. and Shabanowitz, J. and Hunt, D. F. and Allis, C. D.},
doi = {10.1128/MCB.22.5.1298-1306.2002},
issn = {0270-7306},
journal = {Molecular and Cellular Biology},
month = {mar},
number = {5},
pages = {1298--1306},
title = {{Set2 Is a Nucleosomal Histone H3-Selective Methyltransferase That Mediates Transcriptional Repression}},
url = {http://mcb.asm.org/cgi/doi/10.1128/MCB.22.5.1298-1306.2002},
volume = {22},
year = {2002}
}
@article{Li2003,
author = {Li, Bing and Howe, LeAnn and Anderson, Scott and Yates, John R. and Workman, Jerry L.},
doi = {10.1074/jbc.M212134200},
issn = {0021-9258},
journal = {Journal of Biological Chemistry},
month = {mar},
number = {11},
pages = {8897--8903},
title = {{The Set2 Histone Methyltransferase Functions through the Phosphorylated Carboxyl-terminal Domain of RNA Polymerase II}},
url = {http://www.jbc.org/lookup/doi/10.1074/jbc.M212134200},
volume = {278},
year = {2003}
}
@article{Xiao2003,
author = {Xiao, T.},
doi = {10.1101/gad.1055503},
issn = {08909369},
journal = {Genes {\&} Development},
month = {mar},
number = {5},
pages = {654--663},
title = {{Phosphorylation of RNA polymerase II CTD regulates H3 methylation in yeast}},
url = {http://www.genesdev.org/cgi/doi/10.1101/gad.1055503},
volume = {17},
year = {2003}
}
@article{Keogh2005,
author = {Keogh, Michael-Christopher and Kurdistani, Siavash K. and Morris, Stephanie A. and Ahn, Seong Hoon and Podolny, Vladimir and Collins, Sean R. and Schuldiner, Maya and Chin, Kayu and Punna, Thanuja and Thompson, Natalie J. and Boone, Charles and Emili, Andrew and Weissman, Jonathan S. and Hughes, Timothy R. and Strahl, Brian D. and Grunstein, Michael and Greenblatt, Jack F. and Buratowski, Stephen and Krogan, Nevan J.},
doi = {10.1016/j.cell.2005.10.025},
issn = {00928674},
journal = {Cell},
month = {nov},
number = {4},
pages = {593--605},
title = {{Cotranscriptional Set2 Methylation of Histone H3 Lysine 36 Recruits a Repressive Rpd3 Complex}},
url = {https://linkinghub.elsevier.com/retrieve/pii/S0092867405011591},
volume = {123},
year = {2005}
}
@article{Kizer2005,
author = {Kizer, K. O. and Phatnani, H. P. and Shibata, Y. and Hall, H. and Greenleaf, A. L. and Strahl, B. D.},
doi = {10.1128/MCB.25.8.3305-3316.2005},
issn = {0270-7306},
journal = {Molecular and Cellular Biology},
month = {apr},
number = {8},
pages = {3305--3316},
title = {{A Novel Domain in Set2 Mediates RNA Polymerase II Interaction and Couples Histone H3 K36 Methylation with Transcript Elongation}},
url = {http://mcb.asm.org/cgi/doi/10.1128/MCB.25.8.3305-3316.2005},
volume = {25},
year = {2005}
}
@article{Govind2010,
author = {Govind, Chhabi K. and Qiu, Hongfang and Ginsburg, Daniel S. and Ruan, Chun and Hofmeyer, Kimberly and Hu, Cuihua and Swaminathan, Venkatesh and Workman, Jerry L. and Li, Bing and Hinnebusch, Alan G.},
doi = {10.1016/j.molcel.2010.07.003},
issn = {10972765},
journal = {Molecular Cell},
month = {jul},
number = {2},
pages = {234--246},
title = {{Phosphorylated Pol II CTD Recruits Multiple HDACs, Including Rpd3C(S), for Methylation-Dependent Deacetylation of ORF Nucleosomes}},
url = {https://linkinghub.elsevier.com/retrieve/pii/S1097276510005253},
volume = {39},
year = {2010}
}
